@manual{Google:LaunchChecklist,
title = {Launch Checklist},
organization = {Google},
url={http://developer.android.com/distribute/tools/launch-checklist.html}
}
@manual{Google:readlog,
title = {Android READ\_LOGS Permission},
organization = {Google},
url={http://developer.android.com/reference/android/Manifest.permission.html#READ_LOGS}
}
@manual{Google:broadcast,
title = {Android BroadcastReceiver},
organization = {Google},
url={http://developer.android.com/reference/android/content/BroadcastReceiver.html#Security}
}
@manual{Google:storageEncryption,
title = {Android setStorageEncryption},
organization = {Google},
url={https://developer.android.com/reference/android/app/admin/DevicePolicyManager.html#setStorageEncryption%28android.content.ComponentName,%20boolean%29}
}
@manual{apigee:sdk,
title = {Apigee Android SDK API Reference},
organization = {Apigee},
url={http://sdk.apigee.com/docs/reference/sdk/android/com/apigee/sdk/data/client/DataClient.html#registerDeviceForPushAsync(java.util.UUID, java.lang.String, java.lang.String, java.util.Map, com.apigee.sdk.data.client.callbacks.DeviceRegistrationCallback)}
}

@manual{Google:hostname,
title = {Android Hostname Verifiers},
organization = {Google},
url={http://developer.android.com/reference/javax/net/ssl/HostnameVerifier.html}
}
@inproceedings {190884,
author = {Bradley Reaves and Nolen Scaife and Adam Bates and Patrick Traynor and Kevin R.B. Butler},
title = {Mo(bile) Money, Mo(bile) Problems: Analysis of Branchless Banking Applications in the Developing World},
booktitle = {24th USENIX Security Symposium (USENIX Security 15)},
year = {2015},
month = Aug,
isbn = {978-1-931971-232},
address = {Washington, D.C.},
pages = {17--32},
url = {https://www.usenix.org/conference/usenixsecurity15/technical-sessions/presentation/reaves},
publisher = {USENIX Association},
}
@misc{gservices,
title={GServices},
organization={Globe Telecom},
url={https://play.google.com/store/apps/details?id=com.seerlabs.GlobeSSA&hl=en}
}
@misc{globe,
title={Globe Telecom},
organization={Globe Telecom},
url={http://www.globe.com.ph/}}

@misc{globefeatures,
title={GServices Features},
organization={Globe Telecom},
url={https://www.globe.com.ph/surf/app/applications/gservices}}


@misc{owaspbinary,
title={OWASP Binary Protections},
organization={OWASP},
url={https://www.owasp.org/index.php/Mobile_Top_10_2014-M10}}