@manual{Google:LaunchChecklist,
title = {Launch Checklist},
organization = {Google},
url={http://developer.android.com/distribute/tools/launch-checklist.html}
}

@manual{Google:ProGuard,
title = {ProGuard},
organization = {Google},
url={http://developer.android.com/tools/help/proguard.html}
}

@manual{Google:AppManifest,
title = {App Manifest},
organization = {Google},
url={http://developer.android.com/guide/topics/manifest/manifest-intro.html}
}
@manual{Google:ActivityElement,
title = {Activity Element},
organization = {Google},
url={http://developer.android.com/guide/topics/manifest/activity-element.html}
}
@manual{Google:Activity,
title = {Activity},
organization = {Google},
url={http://developer.android.com/reference/android/app/Activity.html}
}
@manual{Google:Alarms,
title={Scheduling Repeating Alarms},
organization = {Google},
url={http://developer.android.com/training/scheduling/alarms.html}
}

@inproceedings{Felt:2012:APU:2335356.2335360,
 author = {Felt, Adrienne Porter and Ha, Elizabeth and Egelman, Serge and Haney, Ariel and Chin, Erika and Wagner, David},
 title = {Android Permissions: User Attention, Comprehension, and Behavior},
 booktitle = {Proceedings of the Eighth Symposium on Usable Privacy and Security},
 series = {SOUPS '12},
 year = {2012},
 isbn = {978-1-4503-1532-6},
 location = {Washington, D.C.},
 pages = {3:1--3:14},
 articleno = {3},
 numpages = {14},
 url = {http://doi.acm.org/10.1145/2335356.2335360},
 doi = {10.1145/2335356.2335360},
 acmid = {2335360},
 publisher = {ACM},
 address = {New York, NY, USA},
 keywords = {Android, mobile phones, smartphones, usable security},
} 
@inproceedings{egners2012messing,
  title={Messing with Android's permission model},
  author={Egners, Andre and Meyer, Ulrike and Marschollek, Bj{\"o}rn},
  booktitle={Trust, Security and Privacy in Computing and Communications (TrustCom), 2012 IEEE 11th International Conference on},
  pages={505--514},
  year={2012},
  organization={IEEE}
}
@misc{thecatapi,
title={The Cat API},
author={Forshaw, Aden},
url={http://thecatapi.com/}
}
@misc{wigle,
title={Wigle},
author={bobzilla, arkasha, uhtu},
url={http://www.wigle.net}
}
@misc{geojson,
title={GeoJSON},
url={http://geojson.org/}
}
@misc{Tracking,
title={WifilBall Server},
url={http://www.airpencilstudios.com/tracking.html}
}