% Test
@article{Wallenstein,
author = {Wallenstein, Andrew},
title = {How Google is Closing the App Gap With Apple},
year = 2015,
journal = {Variety Magazine},
volume = {March},
url={http://variety.com/2015/digital/features/google-play-apple-itunes-app-store-1201449326/}
}

@manual{Google:LaunchChecklist,
title = {Launch Checklist},
organization = {Google},
url={http://developer.android.com/distribute/tools/launch-checklist.html}
}

@manual{Google:ProGuard,
title = {ProGuard},
organization = {Google},
url={http://developer.android.com/tools/help/proguard.html}
}

@manual{Google:AppManifest,
title = {App Manifest},
organization = {Google},
url={http://developer.android.com/guide/topics/manifest/manifest-intro.html}
}
@manual{Google:ActivityElement,
title = {Activity Element},
organization = {Google},
url={http://developer.android.com/guide/topics/manifest/activity-element.html}
}
@manual{Google:Activity,
title = {Activity},
organization = {Google},
url={http://developer.android.com/reference/android/app/Activity.html}
}
@book{marforio2010application,
  title={Application Collusion Attack on the Permission-Based Security Model and Its Implications for Modern Smartphone Systems},
  author={Marforio, C. and Francillon, A. and Capkun, S.},
  url={https://books.google.com/books?id=nvszMwEACAAJ},
  year={2010},
  publisher={Department of Computer Science, ETH Zurich}
}
@manual{Google:startActivityForResult,
title = {Activity},
organization = {Google},
url={http://developer.android.com/training/basics/intents/result.html}
}
@inproceedings{Egners:2012:MAP:2360018.2360209,
 author = {Egners, Andre and Meyer, Ulrike and Marschollek, Bjorn},
 title = {Messing with Android's Permission Model},
 booktitle = {Proceedings of the 2012 IEEE 11th International Conference on Trust, Security and Privacy in Computing and Communications},
 series = {TRUSTCOM '12},
 year = {2012},
 isbn = {978-0-7695-4745-9},
 pages = {505--514},
 numpages = {10},
 url = {http://dx.doi.org/10.1109/TrustCom.2012.203},
 doi = {10.1109/TrustCom.2012.203},
 acmid = {2360209},
 publisher = {IEEE Computer Society},
 address = {Washington, DC, USA},
 keywords = {Android, Permission, Attack, Smartphone},
}

@misc{dex2jar,
title={dex2jar},
author={Bob, Pan and Stanzani, Enea and t3stwhat and paulhooijenga and yyjdelete and jcmdev0},
journal={GitHub},
url={https://github.com/pxb1988/dex2jar}
}

@misc{jdgui,
title={JD-GUI},
author={Dupuy, Emmanuel},
url=http://jd.benow.ca/
}

@misc{apktool,
title={Apktool},
author={Wi≈õniewski, Ryszard and Tumbleson, Connor},
url={http://ibotpeaches.github.io/Apktool/}
}

@inproceedings{Miecznikowski:2002:DJB:647478.727938,
 author = {Miecznikowski, Jerome and Hendren, Laurie J.},
 title = {Decompiling Java Bytecode: Problems, Traps and Pitfalls},
 booktitle = {Proceedings of the 11th International Conference on Compiler Construction},
 series = {CC '02},
 year = {2002},
 isbn = {3-540-43369-4},
 pages = {111--127},
 numpages = {17},
 url = {http://dl.acm.org/citation.cfm?id=647478.727938},
 acmid = {727938},
 publisher = {Springer-Verlag},
 address = {London, UK, UK},
} 

@manual{ARTDVM,
title = {ART and Dalvik},
Organization = {Google},
url=https://source.android.com/devices/tech/dalvik/index.html
}
@book{Martin:2008:CCH:1388398,
 author = {Martin, Robert C.},
 title = {Clean Code: A Handbook of Agile Software Craftsmanship},
 year = {2008},
 isbn = {0132350882, 9780132350884},
 edition = {1},
 publisher = {Prentice Hall PTR},
 address = {Upper Saddle River, NJ, USA},
} 
@manual{Google:PackageName,
title={Android Manifest Package Names},
organization={Google},
url=http://developer.android.com/guide/topics/manifest/manifest-element.html#package
}