@inproceedings{loscocco2001meeting,
  title={Meeting critical security objectives with security-enhanced linux},
  author={Loscocco, Peter and Smalley, Stephen},
  booktitle={Proceedings of the 2001 Ottawa Linux symposium},
  pages={115--134},
  year={2001}
}

@inproceedings{smalley2013security,
  title={Security Enhanced (SE) Android: Bringing Flexible MAC to Android.},
  author={Smalley, Stephen and Craig, Robert},
  booktitle={NDSS},
  volume={310},
  pages={20--38},
  year={2013}
}

@misc{shellshock,
	author={Walsh, Danial},
    title={What does SELinux do to contain the the bash exploit?},
	number={September 25th},
    year={2014},
    url={http://danwalsh.livejournal.com/71122.html}
}

@misc{SEAndroidDocs,
	title={Security-Enhanced Linux in Android},
	publisher={Google},
    url={http://source.android.com/security/selinux/index.html}
    }

@article{reshetova2015characterizing,
  title={Characterizing SEAndroid Policies in the Wild},
  author={Reshetova, Elena and Bonazzi, Filippo and Nyman, Thomas and Borgaonkar, Ravishankar and Asokan, N},
  journal={arXiv preprint arXiv:1510.05497},
  year={2015}
}

@misc{SEUrchin,
  author = {Appel, Michael and Hunt, Houston and Brandon, Jeff},
  title = {SEUrchin},
  year = {2015},
  publisher = {GitHub},
  journal = {GitHub repository},
  howpublished = {\url{https://github.com/mmaps/selinux/tree/master/policycoreutils/seviz}}
}

@misc{baranovskiy2011raphael,
  title={Raphael--javascript library},
  author={Baranovskiy, Dmitry},
  year={2011},
  publisher={Raphaeljsm,[retrieved 5/15/2014] from< http://raphaeljs. com}
}

@article{aospAndroidPolicy,
	title={Android SELinux Policy Repository},
    publisher={Google},
    url={https://android.googlesource.com/platform/external/sepolicy}
}

@article{designandroid,
  title={Android SEPolicy Makefile},
  author={Design, Android},
  url={https://android.googlesource.com/platform/external/sepolicy/+/master/Android.mk}
}

@misc{m4,
author={Vaughan, Gary and Blake, Eric},
title={GNU M4},
publisher={GNU},
url={http://www.gnu.org/software/m4/m4.html}
}

@article{bostock2012d3,
  title={D3. js},
  author={Bostock, Michael},
  journal={Data Driven Documents},
  year={2012}
}

@article{bostock2009protovis,
  title={Protovis: A graphical toolkit for visualization},
  author={Bostock, Michael and Heer, Jeffrey},
  journal={Visualization and Computer Graphics, IEEE Transactions on},
  volume={15},
  number={6},
  pages={1121--1128},
  year={2009},
  publisher={IEEE}
}

@inproceedings{kuliniewicz2006seng,
  title={SENG: An enhanced policy language for SELinux},
  author={Kuliniewicz, Paul},
  booktitle={SELinux Symposium},
  year={2006}
}

@misc{tresystools,
	title={SELinux Policy Analysis Tools},
	author={Tresys Technologies},
  	publisher = {GitHub},
  	journal = {GitHub repository},
	url={https://github.com/TresysTechnology/setools3}
}

@misc{selinuxproject,
	title={SELinuxProject Reference Models},
	author={MacMillan, Karl},
  	publisher = {GitHub},
  	journal = {GitHub repository},
	url={https://github.com/SELinuxProject/selinux}
}

@techreport{archer2003analyzing,
  title={Analyzing security-enhanced Linux policy specifications},
  author={Archer, Myla and Leonard, Elizabeth and Pradella, Matteo},
  year={2003},
  institution={DTIC Document}
}

@inproceedings{kuliniewicz2006seng,
  title={SENG: An enhanced policy language for SELinux},
  author={Kuliniewicz, Paul},
  booktitle={SELinux Symposium},
  year={2006}
}

@inproceedings{zanin2004towards,
  title={Towards a formal model for security policies specification and validation in the selinux system},
  author={Zanin, Giorgio and Mancini, Luigi Vincenzo},
  booktitle={Proceedings of the ninth ACM symposium on Access control models and technologies},
  pages={136--145},
  year={2004},
  organization={ACM}
}

@inproceedings{jaeger2003analyzing,
  title={Analyzing integrity protection in the SELinux example policy},
  author={Jaeger, Trent and Sailer, Reiner and Zhang, Xiaolan},
  booktitle={Proceedings of the 12th conference on USENIX Security Symposium-Volume 12},
  pages={5--5},
  year={2003},
  organization={USENIX Association}
}

@inproceedings{batyuk2011using,
  title={Using static analysis for automatic assessment and mitigation of unwanted and malicious activities within Android applications},
  author={Batyuk, Leonid and Herpich, Markus and Camtepe, Seyit Ahmet and Raddatz, Karsten and Schmidt, Aubrey-Derrick and Albayrak, Sahin},
  booktitle={Malicious and Unwanted Software (MALWARE), 2011 6th International Conference on},
  pages={66--72},
  year={2011},
  organization={IEEE}
}

@book{vermeulen2013selinux,
  title={SELinux System Administration},
  author={Vermeulen, Sven},
  year={2013},
  publisher={Packt Publishing Ltd}
}

@misc{elenkov2014android,
  title={Android Security Internals},
  author={Elenkov, Nikolay},
  year={2014},
  publisher={No Starch Press}
}

@book{castillo2014mastering,
  title={Mastering D3. js},
  author={Castillo, Pablo Navarro},
  year={2014},
  chapter={2},
  publisher={Packt Publishing Ltd}
}

@article{holten2006hierarchical,
  title={Hierarchical edge bundles: Visualization of adjacency relations in hierarchical data},
  author={Holten, Danny},
  journal={Visualization and Computer Graphics, IEEE Transactions on},
  volume={12},
  number={5},
  pages={741--748},
  year={2006},
  publisher={IEEE}
}

@online{Implementing SELinux,
title={Implementing SELinux},
year={2015},
publisher={Android},
url={https://source.android.com/security/selinux/implement.html}
}

@misc{AVCRules,
	title={SELinux Access Vector Cache Rules},
    publisher={SELinuxProject},
	year={2015},
	url={http://selinuxproject.org/page/AVCRules}
}

@inproceedings{marouf2011segrapher,
  title={SEGrapher: Visualization-based SELinux policy analysis},
  author={Marouf, Said and Shehab, Mohamed},
  booktitle={Configuration Analytics and Automation (SAFECONFIG), 2011 4th Symposium on},
  pages={1--8},
  year={2011},
  organization={IEEE}
}

@inproceedings{smalley2012security,
  title={Security Enhanced (SE) Android},
  author={Smalley, Stephen},
  booktitle={16th Semi-Annual Software Assurance Forum. National Security Agency},
  year={2012}
}

@inproceedings{xu2008visualization,
  title={Visualization based policy analysis: case study in selinux},
  author={Xu, Wenjuan and Shehab, Mohamed and Ahn, Gail-Joon},
  booktitle={Proceedings of the 13th ACM symposium on Access control models and technologies},
  pages={165--174},
  year={2008},
  organization={ACM}
}

@misc{reusechart,
	title={Towards Reusable Charts},
    author={Bostock, Mike},
	url={http://bost.ocks.org/mike/chart/}
}